<record><leader>00000cas a22000007a 4500</leader><controlfield tag="001">13586414</controlfield><controlfield tag="008">860519d18831892pauwr ne      0    0eng d</controlfield><datafield ind1=" " ind2=" " tag="010"><subfield code="a">sn 86081440 </subfield></datafield><datafield ind1=" " ind2=" " tag="040"><subfield code="a">NPH</subfield><subfield code="b">eng</subfield><subfield code="c">NPH</subfield><subfield code="d">OCLCQ</subfield></datafield><datafield ind1=" " ind2=" " tag="042"><subfield code="a">msc</subfield></datafield><datafield ind1="0" ind2="4" tag="245"><subfield code="a">The Sunbury weekly news.</subfield></datafield><datafield ind1="1" ind2="3" tag="246"><subfield code="a">Sunbury news</subfield></datafield><datafield ind1=" " ind2=" " tag="260"><subfield code="a">Sunbury, Pa. :</subfield><subfield code="b">Andrew N. Brice,</subfield><subfield code="c">1883-1892.</subfield></datafield><datafield ind1=" " ind2=" " tag="300"><subfield code="a">9 v.</subfield></datafield><datafield ind1=" " ind2=" " tag="310"><subfield code="a">Weekly</subfield></datafield><datafield ind1="0" ind2=" " tag="362"><subfield code="a">Vol. 3, no. 1 (Nov. 2, 1883)-v. 11, no. 27 (May 19, 1892).</subfield></datafield><datafield ind1=" " ind2=" " tag="500"><subfield code="a">Published every Friday.</subfield></datafield><datafield ind1=" " ind2=" " tag="515"><subfield code="a">Issues for Nov. 2, 1883- called also whole no. 125-</subfield></datafield><datafield ind1=" " ind2=" " tag="752"><subfield code="a">United States</subfield><subfield code="b">Pennsylvania</subfield><subfield code="c">Northumberland</subfield><subfield code="d">Sunbury.</subfield></datafield><datafield ind1="0" ind2="0" tag="780"><subfield code="t">Sunbury news</subfield><subfield code="w">(DLC)sn 86081441</subfield></datafield></record>